date,Investment,government,USAID,BISP,parliament,Textile,subsidy,Birthday,Cars,mehngai,Financial crisis,Agriculture,protest,LSM,Inflation,Interest,Tourism,Business News,Cinema,economic growth,FMCG,budget,Recession,Aviation,Construction,Crisis,World News,PSB,Credit,Travel,deficit,revenue,Loan,Manufacturing,M0,House Loan,taxes,Economic crisis,Car Loan,Food,Weddings,Politics,current account,Jobs,elections,trade,Fast Food,Cigarette,Real estate,House for sale,Economy News,Newspapers,CPI,Fitness,Hotels,Unemployment,stock market
01/31/2010,35,51,35,0,0,0,0,14,34,0,18,44,0,0,37,40,30,0,25,27,0,56,0,45,45,77,32,0,17,33,0,26,20,19,0,0,0,0,0,56,54,22,0,86,0,33,0,0,24,0,0,80,0,0,48,39,30
02/28/2010,39,64,41,0,0,0,0,15,35,0,17,37,0,0,23,43,33,0,37,31,0,59,0,28,42,50,29,0,16,33,0,23,24,15,0,0,0,0,0,52,0,29,0,85,5,32,0,0,28,0,0,99,0,36,52,56,29
03/31/2010,45,64,44,0,12,10,0,20,32,0,0,41,0,0,37,47,38,0,27,27,0,66,14,42,49,95,28,0,17,31,0,26,19,20,0,0,72,37,0,63,59,41,0,100,4,34,0,0,33,0,0,100,0,30,55,66,32
04/30/2010,38,56,39,0,0,14,0,19,36,0,17,35,0,0,29,49,40,0,31,25,0,53,0,34,38,56,33,0,17,38,0,18,17,17,0,0,0,0,0,54,57,32,0,92,7,29,0,0,24,0,0,95,0,0,47,44,41
05/31/2010,37,57,39,0,17,0,0,22,32,0,0,53,0,0,69,39,37,0,41,33,67,66,0,32,44,50,44,0,18,36,0,19,14,16,0,0,0,31,0,59,76,36,0,85,9,35,0,0,28,0,0,92,0,35,57,38,36
06/30/2010,40,66,21,0,0,11,0,19,33,0,0,50,0,0,53,50,33,0,29,31,0,62,0,37,44,39,69,0,18,27,0,35,20,17,0,0,0,0,0,56,81,33,0,88,6,35,0,0,26,0,0,82,0,0,62,41,31
07/31/2010,27,56,30,0,0,15,0,16,25,0,0,44,0,0,28,34,21,0,28,24,0,38,11,32,35,27,64,0,14,24,0,15,16,14,0,0,0,0,0,48,0,28,0,62,4,28,34,0,20,0,0,58,0,33,34,52,13
08/31/2010,25,54,43,0,9,8,0,16,24,0,0,30,0,0,28,35,22,14,23,21,70,41,9,32,28,27,39,0,13,23,0,19,13,16,0,0,0,0,0,41,48,24,0,71,7,25,0,0,22,7,0,56,0,28,36,39,17
09/30/2010,27,51,18,0,0,12,0,19,26,0,12,34,0,0,38,33,24,17,25,28,0,32,0,26,31,34,36,0,14,24,0,16,18,15,0,0,0,0,0,48,0,33,0,69,7,24,33,0,17,9,0,68,0,24,37,37,22
10/31/2010,28,50,23,0,0,6,0,21,23,0,0,36,0,0,29,30,22,9,18,22,0,28,9,25,28,27,34,0,11,21,0,14,12,10,0,0,38,0,0,46,32,30,0,60,5,29,0,0,15,0,0,62,0,34,31,35,15
11/30/2010,26,49,23,0,0,8,0,18,22,0,0,37,0,0,37,30,19,12,19,28,0,34,0,24,29,24,37,0,11,20,0,18,15,12,0,0,43,0,0,43,39,31,0,55,7,23,44,0,15,8,0,60,0,23,31,34,14
12/31/2010,21,39,16,0,0,8,0,18,21,0,0,30,0,0,32,29,20,0,22,24,0,40,9,23,22,35,32,0,12,21,0,23,14,11,0,0,0,0,0,40,28,34,0,59,6,19,0,0,14,0,0,68,0,31,30,35,14
01/31/2011,28,49,24,0,4,9,0,18,29,0,7,29,3,0,31,39,22,10,23,25,23,48,5,37,32,49,36,0,13,25,19,15,18,12,0,0,46,7,0,51,62,39,62,70,12,25,31,69,25,7,0,79,0,25,35,37,18
02/28/2011,29,62,18,0,7,12,0,20,26,0,12,42,9,0,34,39,26,13,20,33,0,50,0,40,37,64,42,0,13,26,0,18,17,17,0,0,45,0,0,53,61,38,70,70,11,29,22,0,23,7,0,78,0,33,38,42,22
03/31/2011,28,70,22,0,7,11,0,22,25,0,5,41,4,0,39,51,23,14,25,33,19,49,0,34,35,67,53,0,14,28,40,22,19,15,0,0,49,6,0,56,67,46,69,70,19,27,39,0,24,5,0,73,0,30,38,53,17
04/30/2011,27,49,18,0,6,10,0,24,25,0,8,35,2,0,32,39,23,9,34,31,22,37,6,26,30,72,43,0,13,25,25,16,15,14,0,0,37,7,0,51,65,41,0,68,100,24,24,74,19,0,0,95,0,26,38,52,16
05/31/2011,27,60,34,0,5,8,0,27,26,0,8,38,0,0,40,40,23,10,37,31,30,40,9,31,35,38,55,0,14,30,18,20,17,15,0,0,61,12,0,54,60,35,0,60,17,26,38,79,24,9,0,78,0,28,37,47,19
06/30/2011,26,66,18,0,9,8,0,26,25,0,5,43,1,0,42,41,21,11,34,29,25,48,5,33,35,31,45,0,15,26,20,22,16,15,0,0,27,8,0,55,56,31,71,60,6,24,29,0,21,8,0,79,0,27,36,42,24
07/31/2011,29,67,19,0,6,8,1,25,25,0,5,48,1,0,33,53,20,8,40,35,35,44,4,29,34,32,53,0,14,25,26,21,17,15,0,0,39,0,0,50,56,24,60,59,5,26,27,79,20,9,0,79,0,29,41,45,26
08/31/2011,26,65,21,0,7,7,0,23,24,0,5,51,1,0,30,41,24,9,35,26,27,36,8,31,32,42,49,0,14,25,20,18,14,15,0,0,48,0,0,48,63,25,50,61,4,23,26,0,22,7,0,76,0,28,36,37,18
09/30/2011,27,62,23,0,4,8,0,27,25,0,5,46,1,0,31,38,20,13,27,27,22,35,6,31,30,39,44,0,14,23,18,17,15,15,0,0,28,0,0,49,80,23,0,54,4,25,27,58,20,8,0,79,0,31,39,46,12
10/31/2011,26,67,20,0,5,8,5,25,25,0,7,41,2,0,32,44,23,12,32,29,21,29,5,30,30,30,41,0,14,23,29,19,15,14,0,0,31,0,0,51,48,23,43,65,8,24,28,63,20,8,0,70,0,29,38,40,16
11/30/2011,25,65,11,0,4,8,6,23,22,0,8,44,2,0,35,37,19,12,27,26,27,29,4,27,28,31,34,65,12,20,29,19,13,14,0,0,40,9,0,52,59,29,44,47,4,26,36,0,19,5,0,68,0,25,32,44,13
12/31/2011,16,47,13,0,5,6,10,20,17,0,5,31,2,0,23,27,13,7,26,17,11,50,2,18,18,23,36,0,9,16,25,12,10,8,0,0,30,5,0,36,24,22,51,35,4,16,18,31,12,3,78,60,0,16,18,32,8
01/31/2012,13,60,12,0,3,5,100,17,16,0,0,28,31,0,23,20,12,9,19,15,18,62,2,17,15,37,40,0,8,15,14,12,10,8,0,0,24,4,0,38,31,18,48,35,2,16,20,39,10,4,78,76,0,23,16,25,7
02/29/2012,17,68,10,0,4,6,17,20,16,0,3,46,2,0,36,32,17,8,17,26,13,38,4,20,23,25,34,0,10,15,29,18,10,10,0,0,35,4,0,50,33,26,50,38,4,24,32,50,12,4,59,63,0,31,20,43,11
03/31/2012,19,71,12,0,6,6,10,21,16,0,4,47,2,4,34,37,18,8,17,32,15,41,3,18,27,26,31,0,10,15,34,19,10,10,0,0,41,5,0,54,40,31,62,35,3,25,23,48,11,4,0,53,0,25,18,55,10
04/30/2012,17,84,8,0,3,6,7,21,15,0,3,50,2,0,38,35,16,6,21,22,15,38,2,18,23,23,36,0,10,15,24,20,11,10,0,0,41,4,0,51,43,24,39,34,3,23,19,42,10,4,0,44,0,23,18,41,10
05/31/2012,18,68,9,0,6,7,5,22,14,0,2,61,4,0,35,37,17,8,23,27,18,36,4,17,25,27,38,0,10,15,40,16,11,10,0,0,41,5,0,45,40,27,44,34,3,28,21,45,10,3,0,45,0,25,17,47,10
06/30/2012,17,79,7,0,6,8,5,18,14,0,3,57,3,0,37,33,14,9,18,24,14,32,4,22,21,42,44,0,9,14,33,13,9,9,0,0,36,5,0,47,31,28,57,31,3,22,20,51,10,3,0,44,0,20,16,52,9
07/31/2012,20,73,11,0,5,5,3,17,15,0,4,51,2,0,40,36,16,11,24,26,11,30,3,17,23,39,41,0,9,15,21,15,10,10,0,0,29,6,0,49,34,26,60,34,4,21,29,45,10,3,0,45,0,20,19,39,13
08/31/2012,18,59,10,0,4,7,2,19,15,0,2,38,1,0,33,29,15,11,22,25,11,30,2,16,22,25,41,0,9,14,18,14,12,9,0,0,24,0,0,47,34,20,51,32,2,20,22,54,10,5,53,44,33,21,19,40,9
09/30/2012,20,68,7,0,3,8,2,22,15,0,2,48,6,0,41,30,15,9,22,27,7,29,2,18,23,20,45,0,10,14,22,19,11,10,0,0,23,3,0,46,35,22,42,34,3,27,24,53,11,4,46,45,0,30,18,37,12
10/31/2012,18,60,9,0,4,7,2,21,15,0,3,47,3,0,30,32,15,10,24,22,15,46,2,19,20,29,43,0,10,15,28,15,10,9,0,0,46,6,0,49,43,24,49,32,5,20,22,52,11,4,0,51,0,24,19,42,11
11/30/2012,17,65,10,0,4,5,2,19,15,0,2,39,3,0,26,32,15,10,27,25,16,37,3,17,22,24,46,0,10,15,16,15,11,9,0,0,35,3,53,49,33,24,43,35,11,24,22,37,11,4,0,47,0,27,20,41,9
12/31/2012,16,53,9,0,3,5,2,19,16,0,2,32,2,0,18,24,14,7,34,19,12,34,0,15,19,16,44,0,9,15,25,12,9,7,0,0,27,3,0,41,28,18,44,31,4,18,19,31,11,4,0,47,0,19,17,29,9
01/31/2013,18,57,10,0,4,6,1,16,18,0,2,42,1,0,20,34,16,10,31,19,18,40,2,22,23,29,39,0,10,16,24,13,11,9,0,0,32,0,0,48,49,23,47,36,2,21,21,0,13,6,0,42,43,25,20,35,12
02/28/2013,20,77,11,0,4,7,1,18,18,0,3,39,2,0,30,37,17,8,26,26,28,48,2,22,26,30,37,0,10,16,27,15,9,10,0,0,40,6,0,54,51,24,72,35,2,24,16,32,13,5,0,44,51,26,20,53,12
03/31/2013,18,69,10,0,6,6,1,19,17,0,2,38,2,0,26,34,15,8,25,21,21,37,3,19,25,27,43,0,11,16,27,16,10,10,0,0,40,4,0,54,63,22,64,35,3,22,23,44,12,5,0,44,0,30,22,37,12
04/30/2013,19,76,9,0,4,6,1,23,19,0,2,44,2,0,36,35,15,8,29,24,12,32,2,17,23,24,41,0,12,15,27,14,11,10,0,0,33,4,0,48,50,22,45,34,2,26,28,54,13,5,0,43,38,31,22,35,13
05/31/2013,19,58,6,0,3,5,1,19,16,0,3,44,3,0,27,32,14,7,34,23,19,26,3,16,21,30,38,0,10,16,27,12,10,9,0,0,29,2,36,46,38,21,54,33,3,20,19,38,10,4,0,41,0,26,19,36,9
06/30/2013,17,61,8,0,4,6,1,21,18,0,2,48,5,0,34,31,13,7,37,21,19,26,2,15,20,25,46,0,12,14,30,12,10,9,0,0,30,3,0,48,45,22,61,33,2,21,22,51,11,4,0,43,36,23,20,38,13
07/31/2013,15,54,9,0,3,5,1,20,18,0,2,34,2,0,23,27,16,8,33,16,12,21,1,16,19,41,40,0,11,16,19,10,11,8,0,0,21,3,52,43,45,16,43,32,2,17,23,43,11,4,47,39,0,22,21,26,9
08/31/2013,13,46,8,0,3,5,0,21,16,0,1,25,2,0,18,24,10,9,34,14,26,19,1,15,18,22,37,0,11,16,8,9,9,7,0,0,21,0,0,41,49,14,54,30,2,14,19,39,9,4,42,41,0,21,20,23,7
09/30/2013,15,49,7,0,4,6,1,27,17,0,0,38,2,0,19,25,13,7,30,11,16,19,2,16,19,49,44,0,11,17,14,10,12,7,0,0,19,0,0,42,52,19,57,31,2,17,21,37,10,5,42,42,0,27,21,25,8
10/31/2013,13,57,7,0,2,4,0,22,19,0,0,35,2,0,17,28,13,9,27,19,12,20,2,29,18,23,43,0,12,15,12,9,9,7,0,0,39,2,0,46,59,16,58,27,2,16,20,49,10,6,44,39,0,25,20,23,8
11/30/2013,12,50,5,0,2,4,1,22,17,0,1,31,2,0,18,29,14,10,30,12,9,22,0,19,17,20,40,0,11,15,13,11,10,7,0,0,20,0,39,45,74,19,49,28,7,17,21,52,9,5,0,40,0,30,21,25,8
12/31/2013,9,31,5,0,3,3,0,24,17,0,1,15,2,0,11,19,8,7,74,6,9,21,1,12,10,12,26,0,12,17,12,6,10,4,0,0,21,1,35,33,57,12,33,26,2,10,21,83,7,6,0,27,19,37,19,12,6
01/31/2014,10,40,7,0,5,5,0,23,21,0,1,23,2,0,16,28,9,6,71,14,15,33,2,15,15,20,23,0,12,19,20,8,13,6,0,34,25,2,47,46,59,18,50,40,2,14,23,99,8,8,44,26,37,51,18,23,7
02/28/2014,13,49,4,0,5,5,1,26,19,0,1,27,2,0,23,31,14,7,65,18,13,35,1,16,17,20,21,0,11,18,23,10,12,7,0,0,32,1,36,52,59,22,46,38,3,17,20,91,7,8,29,26,26,48,21,31,7
03/31/2014,12,47,6,0,6,4,1,26,19,0,1,24,2,0,21,29,13,8,62,14,16,31,2,16,16,27,31,0,12,18,21,10,12,6,0,35,31,2,34,49,66,18,45,34,6,16,20,100,8,7,38,25,37,49,19,33,7
04/30/2014,12,43,6,0,4,4,0,29,18,0,1,23,2,0,16,29,11,7,63,14,15,25,1,12,16,21,27,0,12,19,22,8,12,7,0,31,21,1,42,43,76,16,50,33,3,13,18,84,9,7,50,27,40,42,19,26,7
05/31/2014,15,50,7,0,6,4,0,27,16,0,2,33,4,0,21,31,15,9,45,16,11,28,1,13,18,23,48,0,13,18,20,10,10,7,0,0,31,2,47,52,70,19,50,31,5,15,22,73,8,5,39,34,0,36,21,29,12
06/30/2014,13,48,7,0,5,4,0,28,15,0,2,28,4,0,22,29,11,8,45,18,14,24,1,13,17,21,78,0,12,18,23,9,11,7,0,45,22,0,33,43,65,20,72,28,4,15,20,71,9,6,35,30,0,35,20,28,9
07/31/2014,15,43,6,0,4,5,0,29,17,0,1,28,2,0,22,30,11,8,58,17,16,24,1,16,17,21,59,0,13,19,17,9,12,7,0,0,32,2,30,44,81,20,49,31,2,14,22,66,10,5,48,30,25,32,22,27,9
08/31/2014,15,44,5,0,4,5,0,26,18,0,1,26,2,0,17,30,12,8,55,17,15,21,1,15,18,19,41,0,13,18,22,9,13,7,0,67,27,2,72,45,81,20,51,32,5,14,22,72,10,8,0,28,0,33,20,26,8
09/30/2014,16,51,9,0,4,6,0,31,17,0,2,27,2,0,18,30,13,9,40,20,15,20,2,14,19,21,35,0,13,16,20,10,12,7,0,0,21,2,47,43,69,22,45,31,3,16,16,72,12,6,31,32,26,34,20,28,8
10/31/2014,14,59,6,0,5,6,0,30,15,0,1,38,2,0,20,32,13,8,42,17,11,20,1,13,17,19,30,0,14,16,18,12,13,8,0,35,25,0,54,52,72,29,62,30,4,15,20,66,10,5,37,31,0,34,17,30,7
11/30/2014,13,56,6,0,5,5,0,32,14,0,2,33,3,1,18,32,13,7,39,15,14,22,2,12,18,27,28,0,12,15,21,10,11,7,0,0,25,2,52,50,75,39,48,27,4,17,18,59,8,5,37,31,28,32,17,29,8
12/31/2014,10,43,4,0,3,4,0,27,14,0,1,23,2,0,15,30,11,7,48,14,9,22,2,10,13,16,30,0,11,13,17,7,10,6,0,0,18,0,25,41,65,42,49,25,8,12,19,58,8,5,48,33,18,27,16,22,6
01/31/2015,12,57,5,0,5,4,1,25,15,0,1,31,2,0,20,32,11,8,43,16,13,29,3,12,17,14,29,0,10,14,23,11,10,7,0,0,24,1,41,49,62,38,54,32,11,15,19,53,8,5,40,31,24,31,14,26,8
02/28/2015,14,58,6,0,7,5,0,27,13,0,1,29,2,0,20,35,12,10,45,20,17,25,2,15,19,14,26,0,11,14,20,10,11,7,0,35,29,2,0,56,57,42,58,30,22,16,18,55,8,5,56,34,23,36,15,31,7
03/31/2015,12,52,7,0,4,5,0,28,14,0,1,26,3,0,18,33,10,9,34,15,14,23,1,13,18,14,25,0,12,13,21,10,10,6,0,0,34,0,44,47,63,36,58,28,65,14,20,59,8,6,63,33,21,29,16,28,7
04/30/2015,12,55,5,0,4,4,1,31,13,0,1,24,2,0,20,29,11,7,56,12,13,20,0,10,15,17,23,0,11,15,17,8,9,6,0,0,24,2,32,47,69,33,51,26,41,16,20,64,8,6,60,31,0,30,16,21,8
05/31/2015,13,57,7,0,5,5,2,34,16,0,1,31,2,0,22,32,11,8,42,15,10,26,1,11,18,18,30,0,13,16,24,11,10,6,0,0,29,2,29,56,64,29,69,28,7,14,21,53,8,5,65,32,19,33,17,29,8
06/30/2015,12,61,6,0,6,5,1,31,13,0,2,33,2,0,23,33,12,7,30,16,14,22,2,10,19,18,45,16,11,15,30,12,11,7,0,0,22,2,41,57,46,28,53,26,4,16,22,68,8,5,43,32,25,32,15,29,7
07/31/2015,13,50,6,0,4,5,1,28,12,0,2,28,3,0,20,30,11,8,35,16,13,19,1,10,18,18,36,0,12,14,18,10,10,6,0,69,21,3,31,49,57,22,57,25,3,14,16,45,8,5,44,32,0,28,16,24,8
08/31/2015,13,47,6,0,4,5,0,25,11,0,1,28,2,0,18,33,9,8,37,17,16,18,1,11,17,11,27,0,13,14,21,10,10,6,0,0,23,2,53,46,56,21,59,24,2,13,18,55,9,5,54,32,0,29,16,25,7
09/30/2015,13,54,6,0,3,6,0,28,10,0,1,37,2,0,26,27,11,8,29,18,11,18,4,12,16,13,27,0,11,13,17,11,11,6,0,0,24,1,0,50,49,19,40,23,2,14,18,34,9,5,39,32,0,30,16,24,8
10/31/2015,12,58,9,0,4,5,0,30,12,0,1,39,4,0,19,31,12,10,30,17,12,17,3,11,17,13,33,0,11,14,20,10,10,7,0,33,27,1,27,56,43,21,61,22,4,15,18,50,8,5,52,33,0,29,16,26,7
11/30/2015,12,56,7,0,4,4,1,29,11,0,1,35,13,1,18,32,13,9,32,15,12,22,4,12,16,14,40,0,12,15,18,11,10,7,0,0,22,0,33,55,46,22,50,23,5,16,18,51,8,5,55,29,0,29,16,27,6
12/31/2015,11,44,6,0,4,4,1,30,12,0,0,26,11,0,16,30,10,8,51,12,11,58,2,10,15,16,31,0,12,15,20,9,10,6,0,0,22,0,31,46,43,21,46,22,5,11,15,45,8,5,65,31,0,25,17,25,5
01/31/2016,12,58,5,0,4,5,1,27,13,0,1,31,4,0,17,30,11,8,30,14,15,65,2,10,16,12,26,0,10,13,23,11,10,6,0,0,28,2,33,55,39,23,61,25,4,14,23,38,8,5,75,30,16,29,13,25,7
02/29/2016,12,65,6,0,5,5,0,30,11,0,1,32,4,0,24,35,13,9,28,18,11,52,3,10,19,15,23,0,10,14,28,13,10,8,0,27,35,3,23,59,43,27,67,22,4,14,21,46,9,4,88,31,22,28,13,32,7
03/31/2016,13,57,7,0,5,5,0,33,11,0,1,30,4,0,22,34,11,8,41,18,10,61,2,16,18,17,25,0,10,13,20,12,10,7,0,22,31,2,29,52,44,24,59,21,7,13,18,49,8,4,77,30,15,26,13,25,6
04/30/2016,12,57,5,0,4,5,1,37,11,0,1,31,7,0,18,35,12,7,40,15,12,53,2,11,18,16,23,0,10,15,21,13,11,6,0,0,30,3,27,54,48,21,57,23,4,12,18,50,8,4,79,30,16,27,14,23,5
05/31/2016,13,53,7,0,5,4,5,39,12,0,1,29,6,0,23,33,10,8,46,14,13,80,6,10,17,17,26,0,11,15,21,16,12,6,0,0,27,2,31,60,45,19,49,24,3,13,19,51,8,4,87,31,16,31,16,26,6
06/30/2016,14,77,6,0,4,4,1,37,11,0,1,30,3,0,22,34,11,11,35,19,14,31,5,9,19,18,33,0,10,16,22,12,12,7,0,28,23,3,32,56,44,21,50,25,2,14,21,49,8,4,83,30,0,27,15,28,8
07/31/2016,14,49,5,0,3,4,0,38,13,0,1,27,3,0,22,31,10,8,40,16,10,27,13,10,15,18,34,0,10,16,18,11,13,6,0,36,23,2,24,54,38,23,47,22,3,12,19,54,9,5,82,32,24,27,15,24,5
08/31/2016,14,49,6,0,2,5,0,38,12,0,1,25,2,0,22,31,9,8,46,17,12,36,14,9,17,14,26,0,10,15,16,24,12,6,0,0,29,3,25,50,42,21,51,23,3,13,17,53,8,5,69,27,13,27,15,25,5
09/30/2016,14,48,6,0,3,5,0,45,12,0,1,29,4,0,21,31,10,7,38,14,9,24,100,9,14,13,25,13,10,14,15,27,12,5,0,0,23,3,22,53,42,20,49,25,5,12,20,45,8,4,100,27,21,32,14,22,5
10/31/2016,16,51,8,0,3,5,0,44,11,0,1,36,3,0,18,31,11,7,44,14,9,23,75,8,15,14,27,0,10,15,19,15,11,6,0,0,25,2,0,57,38,21,52,23,3,13,17,48,8,4,78,25,18,32,14,21,6
11/30/2016,15,53,7,0,4,4,0,39,12,0,1,29,5,0,18,31,11,6,35,14,8,21,58,9,12,14,35,0,10,15,17,10,11,6,0,24,21,2,22,56,38,21,45,19,19,13,18,41,8,4,57,24,12,27,14,23,4
12/31/2016,14,38,7,0,3,3,0,38,12,0,0,20,2,0,13,25,7,7,76,10,8,36,41,7,11,11,24,0,9,14,17,8,9,4,0,0,20,1,20,43,32,16,49,18,6,9,15,48,6,4,36,24,0,23,14,14,4
01/31/2017,18,49,8,0,4,4,0,35,12,0,1,26,4,0,17,27,8,7,52,13,12,32,41,9,15,18,32,0,8,16,15,10,10,6,0,20,26,1,27,52,30,19,56,22,1,13,18,42,9,5,52,25,21,29,12,19,4
02/28/2017,19,54,6,0,4,4,0,37,10,0,1,26,16,0,19,30,10,7,43,15,11,30,38,8,16,13,24,0,9,16,21,11,10,6,0,0,28,2,23,59,26,19,49,20,2,13,18,47,8,5,48,23,16,27,12,25,5
03/31/2017,17,51,6,0,5,4,0,47,11,0,1,26,2,0,18,31,10,8,41,15,10,26,31,8,15,16,24,0,10,17,19,11,11,5,0,22,26,1,0,57,27,20,53,21,2,12,17,44,9,5,61,23,20,29,13,23,5
04/30/2017,14,56,7,0,4,4,0,45,10,0,0,26,2,0,19,26,9,5,53,13,12,20,24,7,12,10,29,0,9,14,14,8,11,5,0,21,23,1,24,49,25,17,51,21,2,10,16,46,8,5,46,22,11,27,14,32,4
05/31/2017,14,49,6,0,8,4,0,47,11,0,0,26,3,0,19,27,11,7,49,14,11,34,24,8,15,11,28,12,10,15,21,9,12,6,0,19,25,1,31,59,24,17,59,20,2,12,19,46,10,5,34,22,13,28,15,21,5
06/30/2017,13,53,6,0,8,4,0,46,12,0,1,30,3,0,20,30,8,7,54,15,9,35,20,7,15,16,35,0,11,17,16,9,13,6,0,0,27,2,34,58,24,17,58,22,2,13,21,54,8,5,44,21,30,29,16,23,5
07/31/2017,12,48,4,0,4,4,0,43,12,0,1,23,2,0,19,27,9,7,51,15,9,21,16,10,13,13,33,0,10,16,16,9,12,5,0,22,27,1,32,51,21,18,56,18,2,12,18,41,7,5,48,21,17,27,13,21,5
08/31/2017,11,39,4,0,4,4,0,40,11,0,1,19,3,0,12,25,7,6,43,11,10,15,11,8,12,10,34,0,10,14,12,8,12,5,0,17,23,1,20,46,20,14,51,17,2,10,16,43,7,4,30,19,15,25,13,16,4
09/30/2017,10,43,3,0,3,4,0,47,10,0,0,29,3,0,11,22,7,6,39,8,9,14,18,7,12,16,35,0,11,15,9,8,12,4,0,21,23,1,25,48,17,13,46,19,1,10,14,38,7,4,43,20,15,29,12,14,3
10/31/2017,12,48,5,0,4,5,0,51,9,0,0,31,2,0,18,29,8,6,39,13,11,18,13,8,13,10,35,0,11,16,15,8,13,5,0,0,24,1,21,59,20,16,46,18,3,13,17,46,7,5,38,20,20,31,15,22,4
11/30/2017,12,46,5,0,3,4,0,47,11,0,0,27,2,1,14,29,8,6,46,12,10,34,10,8,13,13,29,0,10,16,15,8,14,5,0,21,26,1,28,53,24,15,54,17,3,17,15,42,8,5,35,21,16,29,15,22,4
12/31/2017,10,34,3,0,2,3,0,46,10,0,0,17,2,0,9,21,5,6,77,8,8,27,6,7,10,13,35,0,10,14,14,7,14,4,0,0,21,0,17,44,16,13,50,16,2,12,15,46,7,3,27,21,12,22,16,15,4
01/31/2018,12,50,4,0,3,4,0,39,10,0,1,24,2,0,14,28,7,6,43,13,15,25,8,8,13,14,31,0,11,16,14,9,13,5,0,0,24,1,24,53,17,16,51,20,2,13,18,42,8,5,32,20,15,28,14,18,7
02/28/2018,13,62,4,0,4,5,0,45,10,0,1,28,2,0,16,31,9,7,63,14,15,25,9,8,16,14,23,0,11,15,17,11,16,6,0,0,37,1,26,59,14,22,55,18,2,13,17,40,9,5,26,20,22,29,14,24,7
03/31/2018,13,52,4,0,4,4,0,50,11,0,1,25,2,0,15,31,9,6,58,12,13,24,7,8,13,12,25,0,10,15,18,9,15,5,0,19,34,1,22,55,18,19,43,18,2,13,18,49,8,4,19,20,14,27,15,20,6
04/30/2018,12,44,4,0,4,5,0,53,11,0,1,23,4,0,13,28,9,6,56,13,12,21,5,9,13,11,26,0,10,15,15,8,14,6,0,21,31,1,23,53,15,17,53,16,2,13,16,49,8,4,32,19,0,24,16,21,5
05/31/2018,13,56,4,0,4,5,0,57,11,0,1,23,3,0,15,29,9,6,55,13,13,32,7,7,14,12,38,0,11,17,18,10,17,5,0,22,30,1,23,62,16,19,54,18,3,13,22,51,9,5,22,20,15,34,16,23,7
06/30/2018,12,45,4,0,4,4,0,56,10,0,1,23,2,0,18,30,9,6,46,14,11,35,6,9,12,17,95,0,12,18,19,8,17,5,0,30,33,1,33,56,16,19,59,18,2,12,18,43,8,5,31,19,15,30,15,23,6
07/31/2018,14,46,4,0,4,3,0,49,11,0,0,22,2,0,19,32,8,6,42,15,12,25,5,8,15,14,55,0,11,18,20,8,18,5,0,25,32,1,28,54,16,26,42,18,5,14,18,53,9,5,29,22,14,28,16,21,6
08/31/2018,13,45,4,0,4,4,0,50,11,100,1,19,2,0,13,30,6,5,46,12,10,20,5,7,12,10,27,0,11,16,14,7,22,4,0,0,24,1,15,50,15,25,60,18,3,12,17,47,8,5,27,23,14,26,15,17,5
09/30/2018,13,47,5,0,3,4,0,50,10,0,1,27,2,0,13,27,7,6,48,11,8,18,5,7,12,11,21,0,11,16,15,6,22,4,100,19,28,1,29,50,17,27,48,17,7,13,17,49,8,5,24,20,13,32,14,17,4
10/31/2018,12,47,4,0,3,4,0,51,10,0,0,26,4,0,14,28,8,5,49,11,10,15,6,7,12,27,20,0,11,18,16,7,22,4,0,20,26,1,41,55,21,27,49,16,7,14,16,46,7,5,25,22,15,34,14,20,4
11/30/2018,12,45,4,0,4,3,0,52,10,0,0,22,2,1,12,28,8,5,54,10,11,16,5,7,11,12,23,0,11,16,12,7,23,4,0,19,23,1,33,52,20,25,57,21,8,14,18,51,7,6,37,21,15,28,16,16,4
12/31/2018,10,33,2,0,3,2,0,51,11,0,0,12,2,0,9,22,5,5,97,5,7,31,2,7,9,7,20,0,11,18,10,5,21,3,0,25,20,1,31,45,16,22,50,18,3,11,17,41,7,5,25,19,11,25,17,11,4
01/31/2019,12,51,4,0,4,4,0,45,12,0,0,21,2,0,10,29,7,6,65,6,11,25,3,8,11,9,20,12,11,17,15,7,20,4,0,25,29,1,38,61,17,26,61,20,6,13,20,42,9,5,30,19,19,29,15,15,5
02/28/2019,10,52,3,0,4,4,0,48,10,0,0,18,2,0,9,27,6,6,37,8,15,20,3,6,10,12,19,9,9,17,15,7,18,4,0,0,29,1,39,52,12,30,64,16,44,13,19,50,8,4,27,21,13,30,13,19,5
03/31/2019,12,55,4,0,5,4,0,50,10,0,1,19,1,0,12,31,8,6,45,12,13,21,3,7,12,12,18,0,9,16,21,8,23,4,0,32,31,1,29,56,12,26,50,17,29,14,18,44,9,5,26,19,16,29,16,19,5
04/30/2019,12,45,5,0,4,4,0,60,11,0,1,21,2,0,14,32,9,6,76,12,12,20,3,7,13,11,16,0,11,17,18,8,25,5,99,29,32,2,32,57,17,21,57,17,3,14,17,48,10,5,28,17,22,31,16,19,4
05/31/2019,14,51,5,0,5,4,0,63,12,0,0,27,2,0,15,34,8,6,59,13,14,26,3,8,16,12,22,0,12,19,20,9,30,5,0,24,33,1,44,67,15,19,70,19,4,16,21,49,9,6,22,16,18,31,16,23,5
06/30/2019,15,51,5,0,4,4,0,61,11,0,0,25,2,0,17,34,9,6,57,13,12,25,3,7,14,13,33,0,13,19,17,16,31,5,0,33,34,1,56,67,16,18,67,22,2,16,21,54,10,7,28,16,11,32,17,22,5
07/31/2019,15,47,5,0,4,4,0,55,11,0,1,22,6,0,16,34,8,7,57,13,12,21,3,7,14,11,24,0,13,18,18,9,34,4,0,26,30,1,27,60,16,16,65,21,2,17,24,54,10,5,33,14,21,30,18,19,5
08/31/2019,18,43,4,0,5,3,0,56,12,0,0,20,5,0,10,34,7,6,61,11,15,18,3,8,12,11,19,0,14,17,17,8,38,4,0,21,30,0,48,57,23,15,56,20,1,14,20,62,10,6,40,12,21,31,18,18,4
09/30/2019,17,50,4,0,8,5,0,60,10,0,0,30,3,0,16,37,10,5,48,12,11,20,3,8,13,16,18,13,13,18,19,9,45,5,0,0,32,1,52,61,17,16,57,19,2,16,20,66,9,5,31,12,19,39,16,19,5
10/31/2019,17,56,4,0,4,5,0,60,10,0,1,31,2,0,18,38,10,5,49,14,13,37,3,8,14,11,15,12,13,18,21,10,49,5,0,30,33,0,51,67,19,16,64,19,2,18,23,53,11,6,26,11,18,41,18,21,5
11/30/2019,16,52,4,0,4,4,0,56,10,0,0,23,2,0,14,36,8,5,51,10,13,23,2,8,13,9,15,0,12,20,20,8,47,4,0,34,28,1,44,63,19,15,58,19,6,17,21,53,10,5,33,11,14,34,20,19,5
12/31/2019,16,39,4,0,3,3,0,56,10,0,1,15,2,0,10,30,6,4,100,8,10,25,2,7,10,17,18,0,11,17,13,7,47,3,0,31,24,0,46,50,16,12,58,18,2,14,22,39,8,5,36,11,18,29,24,12,3
01/31/2020,19,56,4,0,4,5,0,46,11,0,1,26,3,0,11,38,9,6,75,9,13,24,2,9,13,15,31,8,12,19,17,8,46,4,84,37,27,1,52,65,14,14,71,21,2,16,19,43,11,6,28,11,13,37,18,17,5
02/29/2020,19,62,4,0,5,4,0,54,10,0,0,26,3,0,14,39,9,6,52,12,16,23,3,8,15,12,19,14,12,19,20,10,44,5,0,30,35,1,62,70,12,16,70,18,2,18,23,51,10,5,25,12,25,37,18,27,6
03/31/2020,16,62,4,0,4,3,0,62,11,0,1,20,1,0,13,37,7,7,38,9,14,22,7,7,13,11,40,8,13,20,20,8,51,4,0,35,30,1,70,66,18,14,68,16,1,15,20,49,10,6,49,14,19,35,14,16,8
04/30/2020,21,50,3,0,3,2,0,92,12,0,1,12,2,0,9,29,4,7,10,4,10,16,8,6,8,12,48,0,13,13,13,6,48,3,0,35,27,1,39,68,16,10,59,13,1,14,21,46,10,7,62,13,0,37,8,12,7
05/31/2020,37,43,3,0,3,2,0,100,14,0,1,16,3,0,9,33,5,8,10,4,13,16,5,6,10,10,28,0,13,16,15,6,39,3,0,41,31,1,63,75,14,11,78,14,1,18,25,46,12,8,45,11,18,51,10,22,6
06/30/2020,74,42,3,0,3,3,0,83,13,0,1,19,5,0,9,33,4,7,8,3,11,15,2,6,9,11,19,0,13,18,13,6,100,3,0,100,24,0,63,68,13,13,90,15,1,16,21,48,13,8,27,11,12,38,10,25,6
07/31/2020,46,38,3,0,3,3,0,77,13,0,0,16,3,0,9,36,3,6,7,3,13,13,2,5,9,8,17,0,12,12,14,6,62,3,0,42,29,0,54,62,13,11,90,16,1,15,19,43,12,7,27,10,10,37,10,28,5
08/31/2020,33,38,4,0,2,3,0,72,12,0,0,18,3,0,11,37,4,6,8,4,12,13,4,6,9,9,18,12,12,14,14,6,54,3,82,35,30,0,60,63,13,11,93,15,2,16,23,44,12,8,27,8,0,34,13,27,5
09/30/2020,31,47,3,0,2,3,0,72,12,0,0,15,2,0,10,36,5,6,17,3,10,12,2,6,9,6,17,11,12,15,13,6,44,3,0,41,29,0,47,58,15,11,84,14,3,14,20,43,11,7,24,9,16,34,13,23,4
10/31/2020,47,52,3,0,4,3,0,69,11,0,0,20,100,0,10,31,5,5,23,3,10,20,2,5,9,11,16,0,12,15,17,6,43,3,0,28,29,1,39,63,16,12,74,12,3,15,20,35,9,7,21,11,0,36,14,23,4
11/30/2020,44,58,3,0,6,4,0,64,11,0,0,27,13,0,13,33,7,6,25,5,9,20,16,6,11,7,20,12,13,15,17,7,59,4,0,46,31,1,48,65,17,15,81,13,23,18,18,43,10,6,21,9,13,35,16,25,6
12/31/2020,30,46,3,0,3,3,0,59,11,0,0,18,11,0,10,30,4,4,54,5,9,18,5,5,8,5,13,14,12,15,13,5,53,3,0,35,27,0,44,55,17,10,69,11,3,15,21,40,9,6,20,9,0,27,19,25,5
01/31/2021,30,51,2,0,4,3,0,54,13,0,0,20,4,0,10,33,5,5,45,6,8,18,3,5,9,8,16,10,12,17,14,6,47,3,0,38,33,1,50,62,15,12,78,14,3,14,25,41,11,7,23,9,15,31,14,36,6
02/28/2021,34,63,3,0,5,4,0,59,12,0,1,28,6,0,16,34,7,5,29,11,10,18,4,6,14,13,11,9,12,16,22,8,55,4,82,44,43,2,62,71,14,15,79,13,1,19,23,49,12,7,25,8,12,34,14,44,6
03/31/2021,30,61,3,0,5,4,0,62,11,0,0,24,4,0,18,41,7,5,33,10,11,19,3,6,12,11,11,10,13,17,22,9,91,4,0,86,41,1,59,72,14,12,70,12,1,19,20,49,11,6,16,8,14,32,15,48,5
04/30/2021,23,49,3,0,4,3,0,70,11,0,0,19,3,0,16,36,6,4,34,8,8,15,2,6,10,10,11,11,12,15,19,7,66,3,0,71,34,1,73,65,13,12,72,12,1,16,22,44,11,7,19,8,12,30,17,35,4
05/31/2021,20,51,2,0,3,3,0,69,10,0,0,20,4,0,17,33,6,5,28,8,9,15,2,5,10,11,15,11,13,16,19,7,56,3,0,31,34,1,57,68,12,12,75,11,1,15,20,43,11,7,23,9,19,33,14,31,5
06/30/2021,20,59,3,0,5,3,0,69,11,0,0,23,16,0,22,37,7,6,36,10,9,18,3,6,11,10,17,7,13,18,23,8,59,4,0,40,37,1,68,73,11,14,79,12,1,15,21,53,12,7,32,9,18,34,15,34,5
07/31/2021,19,53,3,1,4,3,0,65,12,0,0,24,4,0,19,37,6,6,38,9,10,17,2,6,12,7,16,10,14,18,21,8,64,4,0,37,36,1,78,71,14,13,80,13,1,15,24,48,13,6,23,9,14,30,17,31,4
08/31/2021,18,50,3,0,3,3,0,62,11,0,1,20,2,0,15,36,8,5,29,8,9,16,2,6,10,12,18,9,13,19,17,9,61,4,81,30,33,1,72,67,12,12,75,13,1,15,22,45,12,7,22,8,24,30,16,26,4
09/30/2021,16,54,3,0,3,5,0,62,10,0,0,30,3,0,15,45,7,4,26,8,8,14,2,5,11,8,14,10,13,18,23,7,84,4,0,50,34,1,82,67,11,12,66,12,1,16,19,41,11,6,23,8,11,34,14,22,4
10/31/2021,16,53,3,0,3,4,0,62,9,0,1,35,7,0,16,39,7,5,26,9,10,22,2,6,10,7,13,0,12,15,20,7,65,4,0,39,31,1,71,71,12,13,68,11,1,18,22,42,10,5,24,8,16,42,15,22,5
11/30/2021,16,58,3,0,3,4,1,61,9,0,0,29,2,0,18,39,8,5,24,10,11,19,2,6,11,8,14,29,12,18,20,7,58,4,0,24,31,1,79,71,13,16,81,12,3,19,22,44,11,6,21,7,16,36,17,20,5
12/31/2021,12,41,2,0,3,3,0,56,9,0,0,16,2,0,13,30,5,3,54,6,7,15,1,6,9,5,10,0,12,21,13,6,51,3,0,24,30,1,70,58,11,11,63,10,1,12,19,43,9,6,18,7,14,23,20,14,4
01/31/2022,22,57,3,0,4,5,1,57,12,0,1,25,2,0,19,44,8,5,37,8,11,24,2,7,13,8,12,14,15,23,24,8,59,4,88,33,46,1,100,84,13,14,97,19,1,20,28,54,15,7,22,6,24,35,20,27,6
02/28/2022,21,71,4,0,5,4,0,67,11,0,1,31,3,0,20,48,9,5,27,10,11,23,2,8,15,14,21,7,15,24,25,10,60,5,70,41,52,1,90,89,11,16,89,19,3,22,26,62,16,6,26,6,23,43,21,28,7
03/31/2022,23,67,4,0,5,3,0,73,11,0,1,27,3,0,23,53,9,5,30,8,14,20,2,10,14,13,26,12,15,25,27,10,69,5,64,39,52,1,87,92,13,14,100,20,1,22,28,60,17,7,35,7,27,57,23,22,7
04/30/2022,25,53,3,0,4,3,0,78,11,0,0,15,2,0,17,44,6,4,42,7,13,18,2,7,11,8,14,25,16,25,21,8,65,4,58,38,44,1,89,79,13,13,85,19,2,19,26,60,15,7,21,7,18,37,21,15,5
05/31/2022,22,60,3,0,4,3,0,79,10,0,1,26,3,0,22,42,8,5,42,6,12,19,3,8,12,10,14,67,16,26,25,8,59,4,0,47,47,1,93,94,11,17,87,20,6,21,27,69,15,7,25,8,34,39,22,18,7
06/30/2022,21,61,4,0,4,4,0,80,10,0,1,27,2,0,28,37,7,5,29,7,13,19,4,7,14,10,15,77,15,27,24,9,65,4,0,59,50,1,93,94,10,23,95,22,5,20,29,68,15,8,23,10,30,39,22,19,7
07/31/2022,21,55,3,0,3,3,0,84,10,0,1,17,5,0,31,41,6,6,33,6,14,18,5,8,11,9,15,67,16,25,24,8,64,4,59,35,43,1,79,82,11,18,94,21,3,18,27,61,16,7,31,8,50,33,23,14,6
08/31/2022,20,46,5,0,3,3,0,70,9,0,0,15,2,0,25,41,6,5,27,6,11,18,3,8,11,8,14,75,15,25,22,8,65,4,0,45,43,1,81,79,10,14,80,22,4,17,25,53,16,7,29,7,64,29,21,13,5
09/30/2022,23,56,4,0,5,5,0,73,11,0,0,38,3,0,22,47,7,4,33,6,15,19,3,8,11,9,12,53,15,23,23,8,65,4,81,37,46,1,83,85,11,14,85,21,2,21,25,60,15,6,23,7,70,48,20,13,5
10/31/2022,21,65,4,0,4,5,0,81,9,0,1,38,3,0,25,46,8,4,40,7,11,24,4,7,11,9,11,39,15,23,25,8,59,4,54,40,44,1,82,85,10,17,81,20,2,20,24,54,15,7,30,7,64,51,20,18,5
11/30/2022,20,59,4,0,4,4,0,66,9,0,1,36,2,0,28,48,9,4,47,12,12,24,4,8,14,10,27,41,14,21,25,9,55,5,68,31,43,1,65,88,10,18,81,19,9,23,25,65,14,5,26,6,80,40,20,23,6
12/31/2022,17,47,3,0,3,3,0,72,8,0,1,15,2,0,21,37,6,3,60,8,13,21,2,7,11,7,30,38,14,20,23,8,50,4,56,46,46,1,56,73,11,14,78,19,2,17,24,57,13,6,15,6,86,30,22,17,5
01/31/2023,18,62,3,0,4,4,0,57,9,0,1,26,2,0,22,46,7,5,45,8,15,25,3,9,13,9,10,44,14,21,26,9,49,4,52,42,49,1,83,86,8,16,89,23,4,19,26,60,16,6,26,7,90,38,19,17,5
02/28/2023,16,71,3,0,4,3,0,61,8,0,0,19,8,0,21,43,6,5,24,8,12,18,3,8,11,11,10,73,14,18,24,9,45,4,54,30,47,1,63,82,6,21,91,18,49,18,22,46,14,5,24,9,95,36,16,19,5
03/31/2023,19,66,3,0,5,3,0,76,9,0,1,19,6,0,19,45,6,4,34,7,13,18,3,8,11,9,8,100,15,21,26,8,50,4,0,45,52,1,73,88,8,17,89,20,20,19,27,57,16,6,18,9,66,33,17,18,5
04/30/2023,19,60,3,0,4,3,1,83,9,0,0,16,2,0,18,40,6,4,29,8,14,18,2,9,11,14,8,74,14,22,25,9,56,5,0,27,55,1,63,85,10,15,81,19,3,18,26,59,14,7,21,6,57,31,20,19,5
05/31/2023,24,64,4,0,5,4,10,80,9,0,1,34,2,0,22,47,9,4,28,9,12,20,2,9,14,10,10,64,14,22,28,10,54,7,0,39,55,2,62,100,9,14,87,20,3,20,26,64,15,6,25,6,57,35,20,22,6
06/30/2023,21,61,4,0,4,4,9,78,10,0,0,25,2,0,23,43,7,5,30,8,17,21,2,9,14,8,13,75,13,24,30,9,65,4,0,42,55,1,81,95,8,13,80,22,2,19,25,60,14,6,19,7,62,35,20,20,7
07/31/2023,20,57,3,0,4,4,3,73,9,0,0,21,2,0,24,44,6,5,33,9,14,19,2,9,14,8,14,81,15,23,27,9,60,4,0,41,56,1,54,92,8,12,82,23,2,19,27,61,17,7,23,7,77,36,22,15,6
08/31/2023,22,49,3,0,3,4,2,68,8,0,0,16,4,0,19,42,7,5,29,8,13,18,2,9,12,8,13,79,14,22,24,8,61,4,50,41,48,1,41,79,6,10,69,23,2,16,24,61,14,7,22,6,75,34,19,15,5
09/30/2023,19,54,4,0,3,4,2,75,8,0,0,33,3,0,18,40,7,4,24,7,13,18,2,8,12,7,7,74,13,22,21,8,53,4,0,24,43,1,53,80,7,10,74,22,2,18,22,55,14,6,23,6,62,43,18,12,5
10/31/2023,18,60,3,0,4,5,1,69,8,0,1,36,2,0,22,42,8,4,24,7,11,20,2,8,14,8,12,65,13,20,21,8,49,4,0,50,43,1,57,88,8,11,65,22,2,22,23,54,15,6,24,6,48,52,18,13,5
11/30/2023,17,59,4,0,4,3,1,66,7,0,0,28,2,0,22,44,7,4,21,7,14,22,2,9,15,7,10,57,12,19,23,8,51,4,58,28,46,1,54,85,8,11,78,22,3,19,22,60,15,6,20,6,80,47,20,17,5
12/31/2023,15,48,2,0,3,2,1,64,7,0,0,14,1,0,15,36,5,3,70,5,10,25,2,8,9,7,7,70,12,19,19,7,49,3,55,39,41,1,43,69,7,8,65,18,1,15,22,54,13,6,14,5,67,27,23,9,5
01/31/2024,18,60,3,0,3,4,1,54,8,0,0,25,1,0,18,38,6,4,40,6,13,25,1,9,12,8,8,58,12,21,26,8,43,4,64,31,48,1,49,83,6,10,76,21,2,18,28,55,13,6,17,5,65,37,18,13,7
02/29/2024,16,66,3,0,5,3,1,57,7,0,1,25,9,0,38,40,6,4,20,7,11,19,7,7,12,8,7,76,11,19,26,8,40,4,86,31,54,2,44,86,5,10,75,18,2,18,21,51,13,6,37,5,97,37,17,18,6
03/31/2024,16,58,3,0,4,3,1,67,8,0,1,19,2,0,24,42,6,4,22,6,14,22,2,7,12,8,7,80,12,20,24,8,46,4,0,38,51,2,39,83,7,10,69,17,2,18,24,51,13,7,31,5,78,33,18,16,5
04/30/2024,17,64,3,0,4,3,1,68,8,0,0,16,1,0,19,38,5,4,25,5,11,16,2,8,11,7,8,63,14,18,23,7,54,4,0,38,48,1,45,76,6,8,68,18,2,16,22,50,14,6,14,5,78,27,17,11,5
05/31/2024,17,62,3,0,3,3,1,68,8,0,0,31,1,0,23,41,7,4,22,6,11,17,2,8,12,8,9,75,15,19,24,8,54,4,0,39,48,1,38,88,6,9,67,17,2,18,22,58,14,6,18,5,76,33,18,13,5
06/30/2024,15,57,4,0,4,3,1,68,8,0,0,21,2,0,25,39,5,4,27,7,10,18,2,8,11,7,10,80,13,20,21,7,53,3,0,28,46,1,46,83,8,9,67,17,2,17,22,60,14,6,30,5,100,32,18,12,5
07/31/2024,21,60,4,0,4,3,1,59,8,0,1,18,33,0,25,39,5,4,30,6,11,18,2,8,11,8,9,81,12,19,25,9,56,4,0,44,49,1,44,78,6,10,61,19,3,17,21,66,13,6,26,5,81,30,18,12,6
08/31/2024,19,50,3,0,3,2,2,57,7,0,0,13,55,0,16,33,5,3,27,5,14,16,2,7,10,6,10,86,12,20,22,7,62,3,0,25,42,1,38,69,5,8,60,19,1,15,21,55,12,6,22,5,77,30,18,9,6
09/30/2024,32,53,3,0,3,4,1,57,7,0,0,30,5,0,17,36,5,4,23,4,10,16,2,7,9,5,9,95,11,17,21,6,50,3,52,34,43,1,47,72,6,8,54,19,3,18,19,59,13,5,19,5,74,39,16,9,4
10/31/2024,24,62,3,0,3,4,1,61,7,0,0,35,4,0,18,36,6,4,23,5,10,16,1,8,9,7,12,82,11,18,18,8,48,3,0,27,43,1,31,75,6,9,54,18,3,19,20,51,12,6,14,5,58,48,17,10,5
11/30/2024,13,53,3,0,3,3,0,55,6,0,0,26,2,1,15,38,5,3,28,5,9,19,1,7,10,6,11,86,11,16,21,8,51,3,60,31,46,1,37,81,7,8,52,17,9,18,18,55,12,6,19,4,50,38,18,11,6
12/31/2024,14,44,3,0,2,2,0,50,7,0,0,15,1,0,13,39,4,3,43,4,8,20,1,7,9,5,9,81,11,18,17,8,46,3,23,28,42,1,40,66,7,7,54,15,2,16,18,46,11,5,11,4,58,29,19,7,4
